<?xml version="1.0" encoding="UTF-8"?><collection xmlns="http://www.loc.gov/MARC21/slim"><record><leader>00381nam--2200133-i-4500</leader><controlfield tag="001">000013760</controlfield><controlfield tag="002">20161230</controlfield><controlfield tag="005">20161230201030</controlfield><controlfield tag="008">060222s1000------------r-----000-0-eng-d</controlfield><datafield ind1=" " ind2=" " tag="080"><subfield code="a">550.34(081)</subfield></datafield><datafield ind1=" " ind2=" " tag="100"><subfield code="a">Bellamy, F.A. And Bellamy, F.B.Ethel</subfield></datafield><datafield ind1=" " ind2=" " tag="245"><subfield code="a">Herbert hall turner:a notice of his seismologi cal work</subfield></datafield><datafield ind1=" " ind2=" " tag="260"><subfield code="a">Newport, The County Press, 1931. Xxiii P</subfield></datafield><datafield ind1=" " ind2=" " tag="852"><subfield code="a">47505</subfield></datafield></record></collection>